@book{ai2010russel,
  address = {Upper Saddle River, NJ},
  author = {Russell, S. and Norvig, P.},
  edition = {Third},
  publisher = {Prentice Hall},
  serial = {rus10a},
  series = {Series in Artificial Intelligence},
  title = {Artificial Intelligence: A Modern Approach},
  year = 2010
}
@misc{ worldothellorules,
  author = {World Othello Federation},
  title = {Official rules for the game Othello},
  url = {https://www.worldothello.org/about/about-othello/othello-rules/official-rules/english},
  note = {[Online; Stand 29. Dezember 2019]}
}
